[
  {
    "item_key": "scroll",
    "type": "buy",
    "listed_by": "대장장이토르",
    "price": 9066430,
    "amount": 27,
    "created_at": 1763950261957,
    "product_id": "prd-1763950261957"
  },
  {
    "item_key": "dragon_armor",
    "type": "sell",
    "listed_by": "서리마녀",
    "price": 3259489,
    "amount": 21,
    "created_at": 1763950081957,
    "product_id": "prd-1763950081957"
  },
  {
    "item_key": "metal_armor",
    "type": "sell",
    "listed_by": "슬라임킬러",
    "price": 1424639,
    "amount": 26,
    "created_at": 1763949901957,
    "product_id": "prd-1763949901957"
  },
  {
    "item_key": "ore",
    "type": "sell",
    "listed_by": "용맹한방랑자",
    "price": 13638,
    "amount": 1,
    "created_at": 1763949721957,
    "product_id": "prd-1763949721957"
  },
  {
    "item_key": "scroll",
    "type": "buy",
    "listed_by": "용사(나)",
    "price": 8435022,
    "amount": 44,
    "created_at": 1763949541957,
    "product_id": "prd-1763949541957"
  },
  {
    "item_key": "steel_sword",
    "type": "sell",
    "listed_by": "몬스터헌터",
    "price": 1096980,
    "amount": 35,
    "created_at": 1763949361957,
    "product_id": "prd-1763949361957"
  },
  {
    "item_key": "steel_sword",
    "type": "buy",
    "listed_by": "대장장이토르",
    "price": 1018486,
    "amount": 11,
    "created_at": 1763949181957,
    "product_id": "prd-1763949181957"
  },
  {
    "item_key": "mp_potion",
    "type": "buy",
    "listed_by": "몬스터헌터",
    "price": 1652,
    "amount": 50,
    "created_at": 1763949001957,
    "product_id": "prd-1763949001957"
  },
  {
    "item_key": "wooden_sword",
    "type": "buy",
    "listed_by": "서리마녀",
    "price": 99232,
    "amount": 4,
    "created_at": 1763948821957,
    "product_id": "prd-1763948821957"
  },
  {
    "item_key": "demon_sword",
    "type": "buy",
    "listed_by": "슬라임킬러",
    "price": 2253768,
    "amount": 41,
    "created_at": 1763948641957,
    "product_id": "prd-1763948641957"
  },
  {
    "item_key": "scroll",
    "type": "sell",
    "listed_by": "용사(나)",
    "price": 8693627,
    "amount": 35,
    "created_at": 1763948461957,
    "product_id": "prd-1763948461957"
  },
  {
    "item_key": "mp_potion",
    "type": "sell",
    "listed_by": "용맹한방랑자",
    "price": 1969,
    "amount": 15,
    "created_at": 1763948281957,
    "product_id": "prd-1763948281957"
  },
  {
    "item_key": "hp_potion",
    "type": "buy",
    "listed_by": "대장장이토르",
    "price": 1152,
    "amount": 39,
    "created_at": 1763948101957,
    "product_id": "prd-1763948101957"
  },
  {
    "item_key": "leather_armor",
    "type": "sell",
    "listed_by": "용맹한방랑자",
    "price": 791455,
    "amount": 43,
    "created_at": 1763947921957,
    "product_id": "prd-1763947921957"
  },
  {
    "item_key": "dragon_sword",
    "type": "buy",
    "listed_by": "만렙전사",
    "price": 4848026,
    "amount": 11,
    "created_at": 1763947741957,
    "product_id": "prd-1763947741957"
  },
  {
    "item_key": "stone_sword",
    "type": "sell",
    "listed_by": "빛의기사",
    "price": 443076,
    "amount": 25,
    "created_at": 1763947561957,
    "product_id": "prd-1763947561957"
  },
  {
    "item_key": "scroll",
    "type": "buy",
    "listed_by": "만렙전사",
    "price": 8549448,
    "amount": 13,
    "created_at": 1763947381957,
    "product_id": "prd-1763947381957"
  },
  {
    "item_key": "steel_sword",
    "type": "buy",
    "listed_by": "어둠의추적자",
    "price": 1120554,
    "amount": 19,
    "created_at": 1763947201957,
    "product_id": "prd-1763947201957"
  },
  {
    "item_key": "metal_armor",
    "type": "buy",
    "listed_by": "마법학도",
    "price": 1431608,
    "amount": 9,
    "created_at": 1763947021957,
    "product_id": "prd-1763947021957"
  },
  {
    "item_key": "scroll",
    "type": "sell",
    "listed_by": "모험왕",
    "price": 6974096,
    "amount": 12,
    "created_at": 1763946841957,
    "product_id": "prd-1763946841957"
  },
  {
    "item_key": "ore",
    "type": "buy",
    "listed_by": "서리마녀",
    "price": 14361,
    "amount": 47,
    "created_at": 1763946661957,
    "product_id": "prd-1763946661957"
  },
  {
    "item_key": "mp_potion",
    "type": "sell",
    "listed_by": "모험왕",
    "price": 2032,
    "amount": 34,
    "created_at": 1763946481957,
    "product_id": "prd-1763946481957"
  },
  {
    "item_key": "steel_sword",
    "type": "buy",
    "listed_by": "드래곤슬레이어",
    "price": 974264,
    "amount": 9,
    "created_at": 1763946301957,
    "product_id": "prd-1763946301957"
  },
  {
    "item_key": "cloth_armor",
    "type": "sell",
    "listed_by": "드래곤슬레이어",
    "price": 319523,
    "amount": 17,
    "created_at": 1763946121957,
    "product_id": "prd-1763946121957"
  },
  {
    "item_key": "mp_potion",
    "type": "sell",
    "listed_by": "방패장인",
    "price": 1849,
    "amount": 17,
    "created_at": 1763945941957,
    "product_id": "prd-1763945941957"
  },
  {
    "item_key": "dragon_sword",
    "type": "buy",
    "listed_by": "모험왕",
    "price": 5044573,
    "amount": 40,
    "created_at": 1763945761957,
    "product_id": "prd-1763945761957"
  },
  {
    "item_key": "crown",
    "type": "sell",
    "listed_by": "약초채집가",
    "price": 5461567,
    "amount": 31,
    "created_at": 1763945581957,
    "product_id": "prd-1763945581957"
  },
  {
    "item_key": "hp_potion",
    "type": "sell",
    "listed_by": "용사(나)",
    "price": 1084,
    "amount": 20,
    "created_at": 1763945401957,
    "product_id": "prd-1763945401957"
  },
  {
    "item_key": "scroll",
    "type": "buy",
    "listed_by": "포션중독자",
    "price": 7093949,
    "amount": 33,
    "created_at": 1763945221957,
    "product_id": "prd-1763945221957"
  },
  {
    "item_key": "cloth_armor",
    "type": "sell",
    "listed_by": "만렙전사",
    "price": 334180,
    "amount": 42,
    "created_at": 1763945041957,
    "product_id": "prd-1763945041957"
  },
  {
    "item_key": "dragon_armor",
    "type": "buy",
    "listed_by": "골드사냥꾼",
    "price": 2563799,
    "amount": 15,
    "created_at": 1763944861957,
    "product_id": "prd-1763944861957"
  },
  {
    "item_key": "dragon_armor",
    "type": "buy",
    "listed_by": "대장장이토르",
    "price": 3403927,
    "amount": 4,
    "created_at": 1763944681957,
    "product_id": "prd-1763944681957"
  },
  {
    "item_key": "metal_armor",
    "type": "buy",
    "listed_by": "골드사냥꾼",
    "price": 1486207,
    "amount": 28,
    "created_at": 1763944501957,
    "product_id": "prd-1763944501957"
  },
  {
    "item_key": "demon_sword",
    "type": "sell",
    "listed_by": "몬스터헌터",
    "price": 2254586,
    "amount": 27,
    "created_at": 1763944321957,
    "product_id": "prd-1763944321957"
  },
  {
    "item_key": "dragon_armor",
    "type": "sell",
    "listed_by": "슬라임킬러",
    "price": 3216038,
    "amount": 20,
    "created_at": 1763944141957,
    "product_id": "prd-1763944141957"
  },
  {
    "item_key": "steel_sword",
    "type": "buy",
    "listed_by": "어둠의추적자",
    "price": 1070667,
    "amount": 41,
    "created_at": 1763943961957,
    "product_id": "prd-1763943961957"
  },
  {
    "item_key": "dragon_armor",
    "type": "sell",
    "listed_by": "마법학도",
    "price": 3442769,
    "amount": 38,
    "created_at": 1763943781957,
    "product_id": "prd-1763943781957"
  },
  {
    "item_key": "ore",
    "type": "buy",
    "listed_by": "골드사냥꾼",
    "price": 14916,
    "amount": 23,
    "created_at": 1763943601957,
    "product_id": "prd-1763943601957"
  },
  {
    "item_key": "cloth_armor",
    "type": "buy",
    "listed_by": "몬스터헌터",
    "price": 279631,
    "amount": 10,
    "created_at": 1763943421957,
    "product_id": "prd-1763943421957"
  },
  {
    "item_key": "crown",
    "type": "buy",
    "listed_by": "광산의요정",
    "price": 4482181,
    "amount": 48,
    "created_at": 1763943241957,
    "product_id": "prd-1763943241957"
  },
  {
    "item_key": "mp_potion",
    "type": "buy",
    "listed_by": "방패장인",
    "price": 1965,
    "amount": 7,
    "created_at": 1763943061957,
    "product_id": "prd-1763943061957"
  },
  {
    "item_key": "wooden_sword",
    "type": "buy",
    "listed_by": "광산의요정",
    "price": 85498,
    "amount": 10,
    "created_at": 1763942881957,
    "product_id": "prd-1763942881957"
  },
  {
    "item_key": "stone_sword",
    "type": "sell",
    "listed_by": "검수집가",
    "price": 464568,
    "amount": 30,
    "created_at": 1763942701957,
    "product_id": "prd-1763942701957"
  },
  {
    "item_key": "scroll",
    "type": "buy",
    "listed_by": "빛의기사",
    "price": 8350146,
    "amount": 15,
    "created_at": 1763942521957,
    "product_id": "prd-1763942521957"
  },
  {
    "item_key": "mp_potion",
    "type": "sell",
    "listed_by": "몬스터헌터",
    "price": 2005,
    "amount": 25,
    "created_at": 1763942341957,
    "product_id": "prd-1763942341957"
  },
  {
    "item_key": "wooden_sword",
    "type": "sell",
    "listed_by": "빛의기사",
    "price": 109467,
    "amount": 6,
    "created_at": 1763942161957,
    "product_id": "prd-1763942161957"
  },
  {
    "item_key": "stone_sword",
    "type": "sell",
    "listed_by": "빛의기사",
    "price": 515323,
    "amount": 44,
    "created_at": 1763941981957,
    "product_id": "prd-1763941981957"
  },
  {
    "item_key": "steel_sword",
    "type": "buy",
    "listed_by": "마법학도",
    "price": 1083967,
    "amount": 4,
    "created_at": 1763941801957,
    "product_id": "prd-1763941801957"
  },
  {
    "item_key": "cloth_armor",
    "type": "sell",
    "listed_by": "약초채집가",
    "price": 291198,
    "amount": 19,
    "created_at": 1763941621957,
    "product_id": "prd-1763941621957"
  },
  {
    "item_key": "metal_armor",
    "type": "sell",
    "listed_by": "빠른발도술",
    "price": 1539296,
    "amount": 12,
    "created_at": 1763941441957,
    "product_id": "prd-1763941441957"
  },
  {
    "item_key": "wooden_sword",
    "type": "buy",
    "listed_by": "드래곤슬레이어",
    "price": 107048,
    "amount": 27,
    "created_at": 1763941261957,
    "product_id": "prd-1763941261957"
  },
  {
    "item_key": "cloth_armor",
    "type": "buy",
    "listed_by": "슬라임킬러",
    "price": 286367,
    "amount": 18,
    "created_at": 1763941081957,
    "product_id": "prd-1763941081957"
  },
  {
    "item_key": "stone_sword",
    "type": "sell",
    "listed_by": "대장장이토르",
    "price": 499455,
    "amount": 12,
    "created_at": 1763940901957,
    "product_id": "prd-1763940901957"
  },
  {
    "item_key": "wooden_sword",
    "type": "buy",
    "listed_by": "용맹한방랑자",
    "price": 111174,
    "amount": 2,
    "created_at": 1763940721957,
    "product_id": "prd-1763940721957"
  },
  {
    "item_key": "ore",
    "type": "buy",
    "listed_by": "방패장인",
    "price": 16253,
    "amount": 10,
    "created_at": 1763940541957,
    "product_id": "prd-1763940541957"
  },
  {
    "item_key": "mp_potion",
    "type": "sell",
    "listed_by": "방패장인",
    "price": 1827,
    "amount": 41,
    "created_at": 1763940361957,
    "product_id": "prd-1763940361957"
  },
  {
    "item_key": "scroll",
    "type": "sell",
    "listed_by": "빛의기사",
    "price": 7879465,
    "amount": 27,
    "created_at": 1763940181957,
    "product_id": "prd-1763940181957"
  },
  {
    "item_key": "dragon_armor",
    "type": "buy",
    "listed_by": "포션중독자",
    "price": 3193161,
    "amount": 1,
    "created_at": 1763940001957,
    "product_id": "prd-1763940001957"
  },
  {
    "item_key": "mp_potion",
    "type": "buy",
    "listed_by": "몬스터헌터",
    "price": 2018,
    "amount": 11,
    "created_at": 1763939821957,
    "product_id": "prd-1763939821957"
  },
  {
    "item_key": "demon_sword",
    "type": "sell",
    "listed_by": "골드사냥꾼",
    "price": 2283266,
    "amount": 45,
    "created_at": 1763939641957,
    "product_id": "prd-1763939641957"
  },
  {
    "item_key": "ore",
    "type": "buy",
    "listed_by": "방패장인",
    "price": 16034,
    "amount": 38,
    "created_at": 1763939461957,
    "product_id": "prd-1763939461957"
  },
  {
    "item_key": "wooden_sword",
    "type": "sell",
    "listed_by": "칼끝장전",
    "price": 96179,
    "amount": 29,
    "created_at": 1763939281957,
    "product_id": "prd-1763939281957"
  },
  {
    "item_key": "crown",
    "type": "buy",
    "listed_by": "만렙전사",
    "price": 5733201,
    "amount": 31,
    "created_at": 1763939101957,
    "product_id": "prd-1763939101957"
  },
  {
    "item_key": "cloth_armor",
    "type": "sell",
    "listed_by": "몬스터헌터",
    "price": 277317,
    "amount": 13,
    "created_at": 1763938921957,
    "product_id": "prd-1763938921957"
  },
  {
    "item_key": "stone_sword",
    "type": "buy",
    "listed_by": "슬라임킬러",
    "price": 562680,
    "amount": 2,
    "created_at": 1763938741957,
    "product_id": "prd-1763938741957"
  },
  {
    "item_key": "ring",
    "type": "sell",
    "listed_by": "칼끝장전",
    "price": 1884390,
    "amount": 20,
    "created_at": 1763938561957,
    "product_id": "prd-1763938561957"
  },
  {
    "item_key": "steel_sword",
    "type": "sell",
    "listed_by": "포션중독자",
    "price": 933489,
    "amount": 25,
    "created_at": 1763938381957,
    "product_id": "prd-1763938381957"
  },
  {
    "item_key": "ore",
    "type": "buy",
    "listed_by": "빠른발도술",
    "price": 16872,
    "amount": 50,
    "created_at": 1763938201957,
    "product_id": "prd-1763938201957"
  },
  {
    "item_key": "wooden_sword",
    "type": "sell",
    "listed_by": "만렙전사",
    "price": 96949,
    "amount": 30,
    "created_at": 1763938021957,
    "product_id": "prd-1763938021957"
  },
  {
    "item_key": "leather_armor",
    "type": "sell",
    "listed_by": "대장장이토르",
    "price": 603894,
    "amount": 26,
    "created_at": 1763937841957,
    "product_id": "prd-1763937841957"
  },
  {
    "item_key": "cloth_armor",
    "type": "buy",
    "listed_by": "빛의기사",
    "price": 255105,
    "amount": 6,
    "created_at": 1763937661957,
    "product_id": "prd-1763937661957"
  },
  {
    "item_key": "mp_potion",
    "type": "sell",
    "listed_by": "용맹한방랑자",
    "price": 1699,
    "amount": 31,
    "created_at": 1763937481957,
    "product_id": "prd-1763937481957"
  },
  {
    "item_key": "wooden_sword",
    "type": "sell",
    "listed_by": "방패장인",
    "price": 91722,
    "amount": 49,
    "created_at": 1763937301957,
    "product_id": "prd-1763937301957"
  },
  {
    "item_key": "steel_sword",
    "type": "buy",
    "listed_by": "빛의기사",
    "price": 1148337,
    "amount": 16,
    "created_at": 1763937121957,
    "product_id": "prd-1763937121957"
  },
  {
    "item_key": "dragon_sword",
    "type": "buy",
    "listed_by": "모험왕",
    "price": 4975333,
    "amount": 34,
    "created_at": 1763936941957,
    "product_id": "prd-1763936941957"
  },
  {
    "item_key": "cloth_armor",
    "type": "buy",
    "listed_by": "어둠의추적자",
    "price": 269070,
    "amount": 7,
    "created_at": 1763936761957,
    "product_id": "prd-1763936761957"
  },
  {
    "item_key": "ring",
    "type": "buy",
    "listed_by": "광산의요정",
    "price": 1757063,
    "amount": 43,
    "created_at": 1763936581957,
    "product_id": "prd-1763936581957"
  },
  {
    "item_key": "dragon_armor",
    "type": "buy",
    "listed_by": "서리마녀",
    "price": 3443037,
    "amount": 10,
    "created_at": 1763936401957,
    "product_id": "prd-1763936401957"
  },
  {
    "item_key": "wooden_sword",
    "type": "buy",
    "listed_by": "광산의요정",
    "price": 112147,
    "amount": 42,
    "created_at": 1763936221957,
    "product_id": "prd-1763936221957"
  },
  {
    "item_key": "dragon_sword",
    "type": "buy",
    "listed_by": "검수집가",
    "price": 4521715,
    "amount": 35,
    "created_at": 1763936041957,
    "product_id": "prd-1763936041957"
  },
  {
    "item_key": "steel_sword",
    "type": "sell",
    "listed_by": "드래곤슬레이어",
    "price": 1098903,
    "amount": 27,
    "created_at": 1763935861957,
    "product_id": "prd-1763935861957"
  },
  {
    "item_key": "dragon_armor",
    "type": "sell",
    "listed_by": "약초채집가",
    "price": 2966699,
    "amount": 38,
    "created_at": 1763935681957,
    "product_id": "prd-1763935681957"
  },
  {
    "item_key": "steel_sword",
    "type": "sell",
    "listed_by": "방패장인",
    "price": 1127074,
    "amount": 3,
    "created_at": 1763935501957,
    "product_id": "prd-1763935501957"
  },
  {
    "item_key": "leather_armor",
    "type": "buy",
    "listed_by": "골드사냥꾼",
    "price": 760767,
    "amount": 3,
    "created_at": 1763935321957,
    "product_id": "prd-1763935321957"
  },
  {
    "item_key": "dragon_armor",
    "type": "buy",
    "listed_by": "마법학도",
    "price": 2837010,
    "amount": 4,
    "created_at": 1763935141957,
    "product_id": "prd-1763935141957"
  },
  {
    "item_key": "steel_sword",
    "type": "buy",
    "listed_by": "어둠의추적자",
    "price": 1085713,
    "amount": 16,
    "created_at": 1763934961957,
    "product_id": "prd-1763934961957"
  },
  {
    "item_key": "hp_potion",
    "type": "buy",
    "listed_by": "몬스터헌터",
    "price": 1096,
    "amount": 44,
    "created_at": 1763934781957,
    "product_id": "prd-1763934781957"
  },
  {
    "item_key": "leather_armor",
    "type": "sell",
    "listed_by": "드래곤슬레이어",
    "price": 783054,
    "amount": 43,
    "created_at": 1763934601957,
    "product_id": "prd-1763934601957"
  },
  {
    "item_key": "ring",
    "type": "buy",
    "listed_by": "서리마녀",
    "price": 1996768,
    "amount": 20,
    "created_at": 1763934421957,
    "product_id": "prd-1763934421957"
  },
  {
    "item_key": "steel_sword",
    "type": "buy",
    "listed_by": "포션중독자",
    "price": 1047636,
    "amount": 35,
    "created_at": 1763934241957,
    "product_id": "prd-1763934241957"
  },
  {
    "item_key": "demon_sword",
    "type": "sell",
    "listed_by": "약초채집가",
    "price": 1713968,
    "amount": 25,
    "created_at": 1763934061957,
    "product_id": "prd-1763934061957"
  },
  {
    "item_key": "wooden_sword",
    "type": "sell",
    "listed_by": "비밀결사단",
    "price": 102855,
    "amount": 9,
    "created_at": 1763933881957,
    "product_id": "prd-1763933881957"
  },
  {
    "item_key": "hp_potion",
    "type": "buy",
    "listed_by": "어둠의추적자",
    "price": 1333,
    "amount": 6,
    "created_at": 1763933701957,
    "product_id": "prd-1763933701957"
  },
  {
    "item_key": "crown",
    "type": "buy",
    "listed_by": "드래곤슬레이어",
    "price": 4334039,
    "amount": 32,
    "created_at": 1763933521957,
    "product_id": "prd-1763933521957"
  },
  {
    "item_key": "wooden_sword",
    "type": "sell",
    "listed_by": "비밀결사단",
    "price": 98940,
    "amount": 46,
    "created_at": 1763933341957,
    "product_id": "prd-1763933341957"
  },
  {
    "item_key": "dragon_armor",
    "type": "sell",
    "listed_by": "만렙전사",
    "price": 2660321,
    "amount": 27,
    "created_at": 1763933161957,
    "product_id": "prd-1763933161957"
  },
  {
    "item_key": "leather_armor",
    "type": "sell",
    "listed_by": "만렙전사",
    "price": 765407,
    "amount": 11,
    "created_at": 1763932981957,
    "product_id": "prd-1763932981957"
  },
  {
    "item_key": "demon_sword",
    "type": "buy",
    "listed_by": "빠른발도술",
    "price": 2084637,
    "amount": 11,
    "created_at": 1763932801957,
    "product_id": "prd-1763932801957"
  },
  {
    "item_key": "crown",
    "type": "buy",
    "listed_by": "광산의요정",
    "price": 5618456,
    "amount": 5,
    "created_at": 1763932621957,
    "product_id": "prd-1763932621957"
  },
  {
    "item_key": "steel_sword",
    "type": "buy",
    "listed_by": "어둠의추적자",
    "price": 1036275,
    "amount": 42,
    "created_at": 1763932441957,
    "product_id": "prd-1763932441957"
  },
  {
    "item_key": "cloth_armor",
    "type": "buy",
    "listed_by": "빛의기사",
    "price": 277501,
    "amount": 45,
    "created_at": 1763932261957,
    "product_id": "prd-1763932261957"
  },
  {
    "item_key": "ore",
    "type": "sell",
    "listed_by": "검수집가",
    "price": 14622,
    "amount": 22,
    "created_at": 1763932081957,
    "product_id": "prd-1763932081957"
  },
  {
    "item_key": "crown",
    "type": "buy",
    "listed_by": "빛의기사",
    "price": 5325996,
    "amount": 9,
    "created_at": 1763931901957,
    "product_id": "prd-1763931901957"
  },
  {
    "item_key": "scroll",
    "type": "sell",
    "listed_by": "어둠의추적자",
    "price": 6902871,
    "amount": 6,
    "created_at": 1763931721957,
    "product_id": "prd-1763931721957"
  },
  {
    "item_key": "dragon_sword",
    "type": "buy",
    "listed_by": "마법학도",
    "price": 4747172,
    "amount": 18,
    "created_at": 1763931541957,
    "product_id": "prd-1763931541957"
  },
  {
    "item_key": "metal_armor",
    "type": "buy",
    "listed_by": "약초채집가",
    "price": 1363335,
    "amount": 48,
    "created_at": 1763931361957,
    "product_id": "prd-1763931361957"
  },
  {
    "item_key": "ore",
    "type": "sell",
    "listed_by": "몬스터헌터",
    "price": 14187,
    "amount": 11,
    "created_at": 1763931181957,
    "product_id": "prd-1763931181957"
  },
  {
    "item_key": "ore",
    "type": "sell",
    "listed_by": "마법학도",
    "price": 16466,
    "amount": 26,
    "created_at": 1763931001957,
    "product_id": "prd-1763931001957"
  },
  {
    "item_key": "cloth_armor",
    "type": "sell",
    "listed_by": "빛의기사",
    "price": 273223,
    "amount": 34,
    "created_at": 1763930821957,
    "product_id": "prd-1763930821957"
  },
  {
    "item_key": "stone_sword",
    "type": "sell",
    "listed_by": "포션중독자",
    "price": 481592,
    "amount": 23,
    "created_at": 1763930641957,
    "product_id": "prd-1763930641957"
  },
  {
    "item_key": "metal_armor",
    "type": "buy",
    "listed_by": "포션중독자",
    "price": 1649437,
    "amount": 41,
    "created_at": 1763930461957,
    "product_id": "prd-1763930461957"
  },
  {
    "item_key": "leather_armor",
    "type": "buy",
    "listed_by": "만렙전사",
    "price": 752478,
    "amount": 49,
    "created_at": 1763930281957,
    "product_id": "prd-1763930281957"
  },
  {
    "item_key": "ring",
    "type": "sell",
    "listed_by": "광산의요정",
    "price": 2238178,
    "amount": 34,
    "created_at": 1763930101957,
    "product_id": "prd-1763930101957"
  },
  {
    "item_key": "stone_sword",
    "type": "sell",
    "listed_by": "만렙전사",
    "price": 505459,
    "amount": 10,
    "created_at": 1763929921957,
    "product_id": "prd-1763929921957"
  },
  {
    "item_key": "hp_potion",
    "type": "sell",
    "listed_by": "몬스터헌터",
    "price": 1042,
    "amount": 37,
    "created_at": 1763929741957,
    "product_id": "prd-1763929741957"
  },
  {
    "item_key": "metal_armor",
    "type": "sell",
    "listed_by": "빠른발도술",
    "price": 1659440,
    "amount": 24,
    "created_at": 1763929561957,
    "product_id": "prd-1763929561957"
  },
  {
    "item_key": "ore",
    "type": "sell",
    "listed_by": "몬스터헌터",
    "price": 12954,
    "amount": 17,
    "created_at": 1763929381957,
    "product_id": "prd-1763929381957"
  },
  {
    "item_key": "cloth_armor",
    "type": "buy",
    "listed_by": "드래곤슬레이어",
    "price": 260757,
    "amount": 45,
    "created_at": 1763929201957,
    "product_id": "prd-1763929201957"
  },
  {
    "item_key": "scroll",
    "type": "buy",
    "listed_by": "칼끝장전",
    "price": 7114557,
    "amount": 32,
    "created_at": 1763929021957,
    "product_id": "prd-1763929021957"
  },
  {
    "item_key": "ring",
    "type": "sell",
    "listed_by": "어둠의추적자",
    "price": 1922073,
    "amount": 4,
    "created_at": 1763928841957,
    "product_id": "prd-1763928841957"
  },
  {
    "item_key": "dragon_sword",
    "type": "buy",
    "listed_by": "서리마녀",
    "price": 4819018,
    "amount": 23,
    "created_at": 1763928661957,
    "product_id": "prd-1763928661957"
  },
  {
    "item_key": "hp_potion",
    "type": "buy",
    "listed_by": "용사(나)",
    "price": 1187,
    "amount": 22,
    "created_at": 1763928481957,
    "product_id": "prd-1763928481957"
  },
  {
    "item_key": "cloth_armor",
    "type": "sell",
    "listed_by": "빛의기사",
    "price": 321047,
    "amount": 20,
    "created_at": 1763928301957,
    "product_id": "prd-1763928301957"
  },
  {
    "item_key": "dragon_sword",
    "type": "buy",
    "listed_by": "비밀결사단",
    "price": 4877485,
    "amount": 36,
    "created_at": 1763928121957,
    "product_id": "prd-1763928121957"
  },
  {
    "item_key": "dragon_armor",
    "type": "sell",
    "listed_by": "포션중독자",
    "price": 2672643,
    "amount": 7,
    "created_at": 1763927941957,
    "product_id": "prd-1763927941957"
  },
  {
    "item_key": "wooden_sword",
    "type": "sell",
    "listed_by": "용맹한방랑자",
    "price": 97732,
    "amount": 31,
    "created_at": 1763927761957,
    "product_id": "prd-1763927761957"
  },
  {
    "item_key": "dragon_sword",
    "type": "buy",
    "listed_by": "약초채집가",
    "price": 5048110,
    "amount": 7,
    "created_at": 1763927581957,
    "product_id": "prd-1763927581957"
  },
  {
    "item_key": "cloth_armor",
    "type": "buy",
    "listed_by": "만렙전사",
    "price": 279562,
    "amount": 15,
    "created_at": 1763927401957,
    "product_id": "prd-1763927401957"
  },
  {
    "item_key": "scroll",
    "type": "sell",
    "listed_by": "마법학도",
    "price": 8738561,
    "amount": 43,
    "created_at": 1763927221957,
    "product_id": "prd-1763927221957"
  },
  {
    "item_key": "ring",
    "type": "buy",
    "listed_by": "칼끝장전",
    "price": 1759796,
    "amount": 5,
    "created_at": 1763927041957,
    "product_id": "prd-1763927041957"
  },
  {
    "item_key": "metal_armor",
    "type": "buy",
    "listed_by": "방패장인",
    "price": 1428473,
    "amount": 50,
    "created_at": 1763926861957,
    "product_id": "prd-1763926861957"
  },
  {
    "item_key": "crown",
    "type": "buy",
    "listed_by": "드래곤슬레이어",
    "price": 4602254,
    "amount": 30,
    "created_at": 1763926681957,
    "product_id": "prd-1763926681957"
  },
  {
    "item_key": "metal_armor",
    "type": "sell",
    "listed_by": "방패장인",
    "price": 1492010,
    "amount": 20,
    "created_at": 1763926501957,
    "product_id": "prd-1763926501957"
  },
  {
    "item_key": "metal_armor",
    "type": "buy",
    "listed_by": "드래곤슬레이어",
    "price": 1661423,
    "amount": 28,
    "created_at": 1763926321957,
    "product_id": "prd-1763926321957"
  },
  {
    "item_key": "metal_armor",
    "type": "sell",
    "listed_by": "어둠의추적자",
    "price": 1709481,
    "amount": 14,
    "created_at": 1763926141957,
    "product_id": "prd-1763926141957"
  },
  {
    "item_key": "ore",
    "type": "sell",
    "listed_by": "빠른발도술",
    "price": 15420,
    "amount": 47,
    "created_at": 1763925961957,
    "product_id": "prd-1763925961957"
  },
  {
    "item_key": "dragon_armor",
    "type": "buy",
    "listed_by": "빠른발도술",
    "price": 2827238,
    "amount": 30,
    "created_at": 1763925781957,
    "product_id": "prd-1763925781957"
  },
  {
    "item_key": "stone_sword",
    "type": "buy",
    "listed_by": "검수집가",
    "price": 500175,
    "amount": 27,
    "created_at": 1763925601957,
    "product_id": "prd-1763925601957"
  },
  {
    "item_key": "mp_potion",
    "type": "buy",
    "listed_by": "드래곤슬레이어",
    "price": 1640,
    "amount": 1,
    "created_at": 1763925421957,
    "product_id": "prd-1763925421957"
  },
  {
    "item_key": "demon_sword",
    "type": "sell",
    "listed_by": "만렙전사",
    "price": 1882549,
    "amount": 43,
    "created_at": 1763925241957,
    "product_id": "prd-1763925241957"
  },
  {
    "item_key": "scroll",
    "type": "buy",
    "listed_by": "광산의요정",
    "price": 8891527,
    "amount": 19,
    "created_at": 1763925061957,
    "product_id": "prd-1763925061957"
  },
  {
    "item_key": "dragon_sword",
    "type": "sell",
    "listed_by": "용사(나)",
    "price": 4591642,
    "amount": 37,
    "created_at": 1763924881957,
    "product_id": "prd-1763924881957"
  },
  {
    "item_key": "scroll",
    "type": "buy",
    "listed_by": "어둠의추적자",
    "price": 7862424,
    "amount": 6,
    "created_at": 1763924701957,
    "product_id": "prd-1763924701957"
  },
  {
    "item_key": "ring",
    "type": "sell",
    "listed_by": "모험왕",
    "price": 2170549,
    "amount": 16,
    "created_at": 1763924521957,
    "product_id": "prd-1763924521957"
  },
  {
    "item_key": "leather_armor",
    "type": "buy",
    "listed_by": "방패장인",
    "price": 714811,
    "amount": 38,
    "created_at": 1763924341957,
    "product_id": "prd-1763924341957"
  },
  {
    "item_key": "scroll",
    "type": "sell",
    "listed_by": "빛의기사",
    "price": 7079299,
    "amount": 9,
    "created_at": 1763924161957,
    "product_id": "prd-1763924161957"
  },
  {
    "item_key": "hp_potion",
    "type": "buy",
    "listed_by": "빛의기사",
    "price": 1222,
    "amount": 28,
    "created_at": 1763923981957,
    "product_id": "prd-1763923981957"
  },
  {
    "item_key": "dragon_armor",
    "type": "sell",
    "listed_by": "서리마녀",
    "price": 3338156,
    "amount": 41,
    "created_at": 1763923801957,
    "product_id": "prd-1763923801957"
  },
  {
    "item_key": "ore",
    "type": "buy",
    "listed_by": "약초채집가",
    "price": 16981,
    "amount": 1,
    "created_at": 1763923621957,
    "product_id": "prd-1763923621957"
  },
  {
    "item_key": "steel_sword",
    "type": "buy",
    "listed_by": "서리마녀",
    "price": 997540,
    "amount": 41,
    "created_at": 1763923441957,
    "product_id": "prd-1763923441957"
  },
  {
    "item_key": "metal_armor",
    "type": "sell",
    "listed_by": "슬라임킬러",
    "price": 1386795,
    "amount": 26,
    "created_at": 1763923261957,
    "product_id": "prd-1763923261957"
  },
  {
    "item_key": "ore",
    "type": "buy",
    "listed_by": "용맹한방랑자",
    "price": 15028,
    "amount": 39,
    "created_at": 1763923081957,
    "product_id": "prd-1763923081957"
  },
  {
    "item_key": "crown",
    "type": "sell",
    "listed_by": "검수집가",
    "price": 5492142,
    "amount": 14,
    "created_at": 1763922901957,
    "product_id": "prd-1763922901957"
  },
  {
    "item_key": "scroll",
    "type": "sell",
    "listed_by": "빛의기사",
    "price": 7183396,
    "amount": 44,
    "created_at": 1763922721957,
    "product_id": "prd-1763922721957"
  },
  {
    "item_key": "ring",
    "type": "buy",
    "listed_by": "용맹한방랑자",
    "price": 1997503,
    "amount": 28,
    "created_at": 1763922541957,
    "product_id": "prd-1763922541957"
  },
  {
    "item_key": "mp_potion",
    "type": "sell",
    "listed_by": "서리마녀",
    "price": 1581,
    "amount": 24,
    "created_at": 1763922361957,
    "product_id": "prd-1763922361957"
  },
  {
    "item_key": "hp_potion",
    "type": "sell",
    "listed_by": "모험왕",
    "price": 1181,
    "amount": 2,
    "created_at": 1763922181957,
    "product_id": "prd-1763922181957"
  },
  {
    "item_key": "dragon_armor",
    "type": "sell",
    "listed_by": "포션중독자",
    "price": 2830326,
    "amount": 4,
    "created_at": 1763922001957,
    "product_id": "prd-1763922001957"
  },
  {
    "item_key": "leather_armor",
    "type": "sell",
    "listed_by": "검수집가",
    "price": 734690,
    "amount": 24,
    "created_at": 1763921821957,
    "product_id": "prd-1763921821957"
  },
  {
    "item_key": "wooden_sword",
    "type": "sell",
    "listed_by": "모험왕",
    "price": 112095,
    "amount": 27,
    "created_at": 1763921641957,
    "product_id": "prd-1763921641957"
  },
  {
    "item_key": "ring",
    "type": "buy",
    "listed_by": "어둠의추적자",
    "price": 2189409,
    "amount": 19,
    "created_at": 1763921461957,
    "product_id": "prd-1763921461957"
  },
  {
    "item_key": "steel_sword",
    "type": "sell",
    "listed_by": "빛의기사",
    "price": 1105037,
    "amount": 46,
    "created_at": 1763921281957,
    "product_id": "prd-1763921281957"
  },
  {
    "item_key": "hp_potion",
    "type": "buy",
    "listed_by": "만렙전사",
    "price": 1119,
    "amount": 20,
    "created_at": 1763921101957,
    "product_id": "prd-1763921101957"
  },
  {
    "item_key": "demon_sword",
    "type": "buy",
    "listed_by": "드래곤슬레이어",
    "price": 2062752,
    "amount": 18,
    "created_at": 1763920921957,
    "product_id": "prd-1763920921957"
  },
  {
    "item_key": "mp_potion",
    "type": "buy",
    "listed_by": "광산의요정",
    "price": 1859,
    "amount": 7,
    "created_at": 1763920741957,
    "product_id": "prd-1763920741957"
  },
  {
    "item_key": "ore",
    "type": "buy",
    "listed_by": "검수집가",
    "price": 14983,
    "amount": 14,
    "created_at": 1763920561957,
    "product_id": "prd-1763920561957"
  },
  {
    "item_key": "dragon_sword",
    "type": "sell",
    "listed_by": "어둠의추적자",
    "price": 4963490,
    "amount": 24,
    "created_at": 1763920381957,
    "product_id": "prd-1763920381957"
  },
  {
    "item_key": "dragon_sword",
    "type": "sell",
    "listed_by": "빛의기사",
    "price": 4601721,
    "amount": 40,
    "created_at": 1763920201957,
    "product_id": "prd-1763920201957"
  },
  {
    "item_key": "steel_sword",
    "type": "sell",
    "listed_by": "빠른발도술",
    "price": 958213,
    "amount": 3,
    "created_at": 1763920021957,
    "product_id": "prd-1763920021957"
  },
  {
    "item_key": "demon_sword",
    "type": "buy",
    "listed_by": "마법학도",
    "price": 2038873,
    "amount": 37,
    "created_at": 1763919841957,
    "product_id": "prd-1763919841957"
  },
  {
    "item_key": "dragon_sword",
    "type": "buy",
    "listed_by": "서리마녀",
    "price": 4591806,
    "amount": 30,
    "created_at": 1763919661957,
    "product_id": "prd-1763919661957"
  },
  {
    "item_key": "stone_sword",
    "type": "sell",
    "listed_by": "광산의요정",
    "price": 490674,
    "amount": 15,
    "created_at": 1763919481957,
    "product_id": "prd-1763919481957"
  },
  {
    "item_key": "leather_armor",
    "type": "sell",
    "listed_by": "만렙전사",
    "price": 727551,
    "amount": 26,
    "created_at": 1763919301957,
    "product_id": "prd-1763919301957"
  },
  {
    "item_key": "scroll",
    "type": "buy",
    "listed_by": "서리마녀",
    "price": 7476707,
    "amount": 18,
    "created_at": 1763919121957,
    "product_id": "prd-1763919121957"
  },
  {
    "item_key": "ring",
    "type": "buy",
    "listed_by": "용사(나)",
    "price": 1916626,
    "amount": 27,
    "created_at": 1763918941957,
    "product_id": "prd-1763918941957"
  },
  {
    "item_key": "demon_sword",
    "type": "buy",
    "listed_by": "빛의기사",
    "price": 1847288,
    "amount": 34,
    "created_at": 1763918761957,
    "product_id": "prd-1763918761957"
  },
  {
    "item_key": "mp_potion",
    "type": "buy",
    "listed_by": "약초채집가",
    "price": 1587,
    "amount": 16,
    "created_at": 1763918581957,
    "product_id": "prd-1763918581957"
  },
  {
    "item_key": "hp_potion",
    "type": "sell",
    "listed_by": "방패장인",
    "price": 1310,
    "amount": 29,
    "created_at": 1763918401957,
    "product_id": "prd-1763918401957"
  },
  {
    "item_key": "hp_potion",
    "type": "buy",
    "listed_by": "광산의요정",
    "price": 1259,
    "amount": 42,
    "created_at": 1763918221957,
    "product_id": "prd-1763918221957"
  },
  {
    "item_key": "leather_armor",
    "type": "buy",
    "listed_by": "몬스터헌터",
    "price": 712311,
    "amount": 8,
    "created_at": 1763918041957,
    "product_id": "prd-1763918041957"
  },
  {
    "item_key": "scroll",
    "type": "buy",
    "listed_by": "드래곤슬레이어",
    "price": 7755955,
    "amount": 31,
    "created_at": 1763917861957,
    "product_id": "prd-1763917861957"
  },
  {
    "item_key": "ore",
    "type": "buy",
    "listed_by": "드래곤슬레이어",
    "price": 12854,
    "amount": 4,
    "created_at": 1763917681957,
    "product_id": "prd-1763917681957"
  },
  {
    "item_key": "cloth_armor",
    "type": "buy",
    "listed_by": "포션중독자",
    "price": 294116,
    "amount": 23,
    "created_at": 1763917501957,
    "product_id": "prd-1763917501957"
  },
  {
    "item_key": "mp_potion",
    "type": "sell",
    "listed_by": "어둠의추적자",
    "price": 1918,
    "amount": 5,
    "created_at": 1763917321957,
    "product_id": "prd-1763917321957"
  },
  {
    "item_key": "stone_sword",
    "type": "buy",
    "listed_by": "모험왕",
    "price": 457952,
    "amount": 43,
    "created_at": 1763917141957,
    "product_id": "prd-1763917141957"
  }
]
